<?xml version="1.0" encoding="UTF-8"?><collection xmlns="http://www.loc.gov/MARC21/slim"><record><leader>00629nam--2200193-u-4500</leader><controlfield tag="001">000056267</controlfield><controlfield tag="002">20161230</controlfield><controlfield tag="005">20161230201052</controlfield><controlfield tag="008">150320s1000------------r-----000-0-eng-d</controlfield><datafield ind1=" " ind2=" " tag="040"><subfield code="a">IFIN-HH</subfield></datafield><datafield ind1=" " ind2=" " tag="080"><subfield code="a">530.145:539.12.01</subfield></datafield><datafield ind1="1" ind2=" " tag="100"><subfield code="a">Levy, Maurice</subfield></datafield><datafield ind1="1" ind2="0" tag="245"><subfield code="a">Fundamental interactions cargese 1981</subfield><subfield code="c">Maurice levy, jean-louis basdevant, david speiser, jacques weyers, maurice jacob, raymond gastmans (eds.)</subfield></datafield><datafield ind1=" " ind2=" " tag="260"><subfield code="a">New York</subfield><subfield code="b">Plenum Press</subfield><subfield code="c">1982</subfield></datafield><datafield ind1=" " ind2=" " tag="300"><subfield code="a">XVI+696P</subfield></datafield><datafield ind1=" " ind2=" " tag="490"><subfield code="a">Nato Adevanced Study Institutes Series, 85</subfield></datafield><datafield ind1="1" ind2=" " tag="700"><subfield code="a">Gastmans, Raymond</subfield><subfield code="e">Ed</subfield></datafield><datafield ind1=" " ind2=" " tag="852"><subfield code="a">42270</subfield><subfield code="c">53</subfield></datafield><datafield ind1=" " ind2=" " tag="CAT"><subfield code="a">Sys</subfield><subfield code="c">20150320</subfield><subfield code="h">105814</subfield></datafield></record></collection>